[gd_resource type="SpriteFrames" load_steps=16 format=2]

[ext_resource path="res://sprites/randomgfx2.png" type="Texture" id=1]

[sub_resource type="AtlasTexture" id=15]
flags = 2
atlas = ExtResource( 1 )
region = Rect2( 24, 120, 8, 8 )

[sub_resource type="AtlasTexture" id=1]
flags = 2
atlas = ExtResource( 1 )
region = Rect2( 32, 120, 8, 8 )

[sub_resource type="AtlasTexture" id=13]
flags = 2
atlas = ExtResource( 1 )
region = Rect2( 80, 120, 8, 8 )

[sub_resource type="AtlasTexture" id=14]
flags = 2
atlas = ExtResource( 1 )
region = Rect2( 88, 120, 8, 8 )

[sub_resource type="AtlasTexture" id=9]
flags = 2
atlas = ExtResource( 1 )
region = Rect2( 48, 120, 8, 8 )

[sub_resource type="AtlasTexture" id=10]
flags = 2
atlas = ExtResource( 1 )
region = Rect2( 40, 120, 8, 8 )

[sub_resource type="AtlasTexture" id=11]
flags = 2
atlas = ExtResource( 1 )
region = Rect2( 56, 120, 8, 8 )

[sub_resource type="AtlasTexture" id=12]
flags = 2
atlas = ExtResource( 1 )
region = Rect2( 40, 120, 8, 8 )

[sub_resource type="AtlasTexture" id=3]
flags = 2
atlas = ExtResource( 1 )
region = Rect2( 40, 120, 8, 8 )

[sub_resource type="AtlasTexture" id=4]
flags = 2
atlas = ExtResource( 1 )
region = Rect2( 104, 120, 8, 8 )

[sub_resource type="AtlasTexture" id=5]
flags = 2
atlas = ExtResource( 1 )
region = Rect2( 24, 120, 8, 8 )

[sub_resource type="AtlasTexture" id=6]
flags = 2
atlas = ExtResource( 1 )
region = Rect2( 80, 120, 8, 8 )

[sub_resource type="AtlasTexture" id=7]
flags = 2
atlas = ExtResource( 1 )
region = Rect2( 64, 120, 8, 8 )

[sub_resource type="AtlasTexture" id=8]
flags = 2
atlas = ExtResource( 1 )
region = Rect2( 72, 120, 8, 8 )

[resource]
animations = [ {
"frames": [ SubResource( 15 ) ],
"loop": true,
"name": "static",
"speed": 5.0
}, {
"frames": [ SubResource( 1 ) ],
"loop": true,
"name": "stand",
"speed": 5.0
}, {
"frames": [ SubResource( 13 ), SubResource( 14 ) ],
"loop": true,
"name": "dance",
"speed": 5.0
}, {
"frames": [ SubResource( 9 ), SubResource( 10 ), SubResource( 11 ), SubResource( 12 ) ],
"loop": true,
"name": "walk",
"speed": 5.0
}, {
"frames": [ SubResource( 3 ), SubResource( 4 ) ],
"loop": true,
"name": "jump",
"speed": 5.0
}, {
"frames": [ SubResource( 5 ), SubResource( 6 ) ],
"loop": true,
"name": "walk_right",
"speed": 5.0
}, {
"frames": [ SubResource( 7 ), SubResource( 8 ) ],
"loop": true,
"name": "walk_back",
"speed": 5.0
} ]
