[gd_resource type="SpriteFrames" load_steps=13 format=2]

[ext_resource path="res://sprites/tbj3_sprites.png" type="Texture" id=1]

[sub_resource type="AtlasTexture" id=11]
flags = 3
atlas = ExtResource( 1 )
region = Rect2( 0, 0, 8, 8 )

[sub_resource type="AtlasTexture" id=4]
flags = 3
atlas = ExtResource( 1 )
region = Rect2( 0, 0, 8, 8 )

[sub_resource type="AtlasTexture" id=7]
flags = 3
atlas = ExtResource( 1 )
region = Rect2( 32, 0, 8, 8 )

[sub_resource type="AtlasTexture" id=8]
flags = 3
atlas = ExtResource( 1 )
region = Rect2( 40, 0, 8, 8 )

[sub_resource type="AtlasTexture" id=9]
flags = 3
atlas = ExtResource( 1 )
region = Rect2( 32, 0, 8, 8 )

[sub_resource type="AtlasTexture" id=10]
flags = 3
atlas = ExtResource( 1 )
region = Rect2( 48, 0, 8, 8 )

[sub_resource type="AtlasTexture" id=5]
flags = 3
atlas = ExtResource( 1 )
region = Rect2( 40, 0, 8, 8 )

[sub_resource type="AtlasTexture" id=6]
flags = 3
atlas = ExtResource( 1 )
region = Rect2( 48, 0, 8, 8 )

[sub_resource type="AtlasTexture" id=1]
flags = 3
atlas = ExtResource( 1 )
region = Rect2( 8, 0, 8, 8 )

[sub_resource type="AtlasTexture" id=2]
flags = 3
atlas = ExtResource( 1 )
region = Rect2( 16, 0, 8, 8 )

[sub_resource type="AtlasTexture" id=3]
flags = 3
atlas = ExtResource( 1 )
region = Rect2( 24, 0, 8, 8 )

[resource]
animations = [ {
"frames": [ SubResource( 11 ) ],
"loop": true,
"name": "static",
"speed": 5.0
}, {
"frames": [ SubResource( 4 ) ],
"loop": true,
"name": "stand",
"speed": 5.0
}, {
"frames": [ SubResource( 7 ), SubResource( 8 ), SubResource( 9 ), SubResource( 10 ) ],
"loop": true,
"name": "dance",
"speed": 5.0
}, {
"frames": [ SubResource( 5 ), SubResource( 6 ) ],
"loop": true,
"name": "walk",
"speed": 5.0
}, {
"frames": [ SubResource( 1 ), SubResource( 2 ), SubResource( 3 ) ],
"loop": true,
"name": "attack",
"speed": 5.0
} ]
